4102 6182
300 550 324 593 ιι
993 533 1205 595 PRAEFATIO.

296 672 376 728 sum,
391 662 423 716 ut
434 671 498 732 qua
512 670 547 714 ex
560 656 628 714 fuce
639 655 834 715 AElianeorum
850 657 981 716 codicum
993 658 1097 719 hausta
1111 661 1182 719 nibil
1197 661 1267 719 mibl
1281 664 1335 720 uisi
1350 662 1574 725 loedisslmorum
1587 664 1760 727 mendorum
1780 666 1899 727 turbam

296 753 553 829 suppeditaverint.

335 849 465 909 'tenuem
479 850 602 924 denique
615 863 696 924 spem
709 848 920 910 collocaveram
932 854 964 911 in
979 850 1088 911 Codice
1102 853 1316 913 vindobonensi
1332 856 1440 914 Medic.
1452 855 1543 915 Graec.
1560 866 1593 928 t,
1613 875 1699 933 quem
1719 862 1819 935 paucis
1832 863 1899 936 qul·

291 952 416 1012 busdam
430 953 500 1012 locis
511 951 605 1011 solum
622 951 729 1011 AElianl
751 969 870 1012 manum
884 966 1014 1012 seruasse
1029 951 1239 1011 intellexeram.
1285 953 1377 1028 Igitur
1390 953 1558 1028 Adolpbum
1575 955 1778 1027 Wubrmund‚
1795 958 1897 1017 Cesa-

291 1066 346 1109 ram
357 1049 537 1109 bibliothecae
545 1049 769 1108 solertissimum
780 1065 999 1117 amanuensem,
1011 1064 1062 1123 per
1077 1047 1174 1107 literas
1184 1051 1301 1125 rogari,
1316 1057 1350 1109 ut
1362 1052 1528 1125 speciminis
1543 1051 1606 1110 loco
1619 1052 1758 1111 librorum
1773 1054 1810 1112 de
1823 1054 1897 1113 Aul-

291 1145 411 1204 malluru
420 1146 531 1205 Natura
545 1146 691 1205 decimum
704 1152 842 1221 quartum
856 1152 887 1205 et
900 1147 1037 1220 quintum
1052 1159 1116 1202 mea
1128 1144 1378 1204 causaconierret.
1420 1145 1505 1217 Quod
1519 1163 1611 1221 quum
1627 1147 1900 1208 illeuceurutlssime

290 1240 471 1317 perfecisset,
485 1240 540 1299 boc
554 1258 647 1301 unum
656 1243 725 1302 lnde
740 1243 853 1315 rescivi,
868 1239 1039 1316 particulam
1054 1237 1083 1295 δά
1091 1282 1099 1309 ,
1113 1256 1203 1315 σμασι
1219 1238 1285 1311 XV,
1302 1249 1349 1316 tt,
1364 1258 1393 1316 p.
1410 1251 1480 1312 25⁷,
1493 1249 1542 1316 tt,
1559 1243 1672 1302 dudum
1687 1244 1724 1302 de
1734 1248 1900 1320 conlectura

291 1337 470 1412 expulernm,
482 1340 544 1412 jam
558 1337 666 1397 codicis
676 1339 851 1399 auctoritate
862 1335 900 1396 ab
915 1335 1020 1395 AElianl
1033 1337 1164 1393 credone
1177 1338 1266 1394 arceri
1281 1351 1375 1411 posse.
1406 1336 1586 1412 Quapropter
1599 1337 1678 1397 hunc
1694 1338 1824 1397 codicem
1838 1355 1898 1398 non

291 1433 417 1507 amplius
438 1435 561 1492 tentavi.

332 1528 458 1589 Tantum
482 1531 518 1589 de
534 1534 676 1606 apparatu
702 1544 766 1588 meo
787 1528 930 1587 AElianeo.
973 1526 1136 1586 Dicendum
1159 1542 1238 1585 nunc
1262 1527 1299 1587 de
1323 1526 1541 1591 emblematum
1563 1529 1656 1607 nube,
1672 1546 1739 1607 qun
1758 1531 1805 1590 rel
1829 1538 1897 1607 post

291 1622 460 1683 Schneideri
475 1631 505 1683 et
517 1625 645 1683 Jacobsll
661 1640 744 1683 eurus
757 1622 867 1682 AEliunt
877 1623 967 1681 verba
981 1621 1169 1681 obscurabat.

333 1721 547 1781 Emblematum
568 1723 688 1779 istnmm
712 1720 771 1778 duo
786 1721 970 1794 potissimum
983 1733 1089 1793 genera
1105 1722 1186 1776 sunt.
1230 1717 1363 1777 Alterum
1382 1723 1524 1780 recentius
1537 1727 1599 1791 est,
1619 1727 1653 1781 ut
1666 1721 1745 1796 quod
1761 1721 1896 1781 Vaticani

293 1832 348 1891 ope
362 1815 432 1891 pelli
446 1818 548 1892 possit.
590 1814 689 1874 Veluti
706 1821 860 1889 postquam
875 1813 1006 1871 AEliunus
1019 1812 1082 1871 ua.
1095 1813 1163 1886 Xll,
1176 1821 1192 1870 5
1207 1813 1244 1871 de
1259 1813 1406 1873 Alcmene
1420 1822 1505 1889 partu
1520 1815 1608 1875 verba
1623 1816 1705 1887 iecit,
1718 1819 1748 1874 ln
1763 1817 1896 1890 plurimis

292 1912 371 1971 libris
385 1911 549 1972 inferuntur
563 1911 648 1972 hott:
666 1909 712 1967 καὶ
725 1908 784 1976 τοός
798 1931 829 1987 γε
845 1907 987 1984 ὑμνησίους
998 1907 1142 1988 δράκοντας
1163 1912 1180 1978 ἡ
1199 1905 1273 1986 Ἥρα
1287 1907 1405 1984 ίπεμπεν
1428 1911 1511 1990 αὐτῷ.
1555 1912 1620 1972 Non
1639 1913 1766 1972 advertit
1779 1911 1896 1973 otittoos

292 2007 454 2069 draconum
477 2011 585 2067 mentio
599 2010 778 2084 ineptissime
798 2008 855 2067 hoc
875 2007 938 2065 loco
958 2005 1050 2083 lacta,
1073 2021 1133 2064 non
1151 2006 1306 2066 verborum
1324 2012 1503 2067 constructio
1520 2009 1596 2068 male
1618 2016 1749 2080 mutatu,
1764 2026 1817 2069 uec
1836 2013 1894 2068 nisi

290 2103 413 2164 Trillero
426 2112 456 2165 et
471 2105 590 2165 Reisklo
603 2108 634 2163 in
648 2106 841 2180 suspicionem
849 2106 931 2162 venit
942 2118 1003 2161 vox
1014 2108 1198 2162 monstruosa
1211 2101 1351 2174 ὑμνησίουτ
1360 2120 1371 2162 ε
1381 2108 1455 2180 quln
1466 2105 1631 2165 defensores
1642 2105 1693 2165 illa
1706 2109 1814 2182 reperit
1825 2105 1897 2164 Ges·

290 2218 392 2260 nerum
414 2207 443 2260 et
466 2199 675 2271 Abreschium,
696 2216 820 2276 quorum
842 2198 889 2257 bic
902 2200 929 2257 ei
943 2199 1076 2257 admouit
1094 2197 1267 2257 uocabulum
1285 2212 1344 2257 nnn
1364 2203 1460 2259 minus
1485 2201 1683 2277 prodigiosum
1702 2198 1821 2275 τιμήσως
1840 2198 1893 2279 (cl.

291 2297 354 2369 Nil.
371 2296 425 2367 xi,
443 2295 498 2371 t),
513 2294 562 2353 lile
574 2311 639 2353 eam
652 2310 704 2369 per
718 2291 893 2369 ίμνουμίνους
907 2293 1057 2368 explicuit.
1101 2292 1275 2351 Luculentcr
1288 2300 1387 2353 tamen
1401 2312 1437 2354 ex
1451 2295 1594 2355 Vaticano
1604 2303 1726 2370 apparet
1737 2296 1827 2354 uerba
1840 2298 1896 2356 isia

293 2391 389 2450 deberi
403 2390 503 2449 sciolo.
546 2388 602 2448 Sed
615 2390 671 2449 hoc
682 2404 774 2465 genus
788 2390 918 2464 attigisse
932 2390 1005 2447 sutis
1017 2394 1080 2459 est;
1099 2388 1232 2463 pluribus
1243 2387 1398 2448 dicendum
1410 2397 1455 2449 est
1469 2390 1505 2448 de
1516 2390 1608 2449 altero
1625 2406 1732 2466 genere
1745 2390 1783 2449 ub
1798 2394 1893 2450 omni-

288 2487 345 2546 bus
374 2484 522 2544 codicibus
544 2486 676 2561 religiose
702 2489 879 2561 propagato,
902 2483 940 2540 ln‘
956 2497 1015 2557 quo
1038 2480 1221 2541 exturbando
1244 2483 1417 2558 quibusdam
1441 2501 1557 2544 omnem
1591 2485 1711 2545 modum
1738 2489 1896 2545 excessisse

294 2582 424 2640 uidebor.

327 2677 470 2736 Nimirum
484 2680 621 2751 antiquus
638 2676 742 2751 aliquis
759 2671 868 2750 codex,
882 2674 920 2732 ad
934 2689 1023 2749 quem
1038 2675 1129 2733 nostri
1147 2688 1247 2731 omnes
1263 2674 1401 2747 redeunt,
1417 2676 1577 2735 candidum
1591 2678 1690 2736 neseio
1701 2692 1788 2752 quem
1803 2677 1892 2737 lecto·

291 2790 351 2832 rem
366 2771 591 2846 bemasmerim,
607 2774 657 2847 qui
674 2772 768 2830 verbis
778 2770 966 2846 formatisque
981 2770 1136 2845 AEllnncis,
1149 2786 1215 2845 que
1228 2773 1290 2847 ejus
1304 2773 1526 2833 admirationem
1541 2776 1737 2848 excitassent,
1752 2776 1894 2850 interpre-

288 2875 417 2927 tamenta
429 2875 601 2944 apposuerat
612 2866 815 2943 mandesque
825 2867 897 2942 quid
906 2868 967 2943 lpse
977 2871 1097 2927 sentiret
1106 2867 1144 2925 de
1153 2866 1608 2944 AElianinonnullisopiniunibus
1618 2870 1895 2946 tubulisveingenue

291 2968 323 3024 ln
339 2966 446 3024 codicis
469 2968 513 3023 sui
528 2969 660 3041 margine
675 2964 820 3040 professus
834 2969 907 3024 erat.
950 2962 1179 3022 Huuecodieem
1195 2964 1327 3040 qusquis
1340 2964 1492 3041 descripsit
1505 2966 1618 3041 glossas
1631 2968 1703 3025 istas
1713 2969 1756 3025 sic
1770 2971 1894 3027 orationi

288 3065 472 3139 interserult,
487 3068 520 3123 ut
531 3078 580 3122 eas
594 3068 645 3121 aut
655 3061 749 3120 allcno
762 3077 879 3137 prorsus
898 3061 960 3120 lucu
972 3066 1122 3135 reponeret
1132 3067 1182 3120 aut
1194 3059 1289 3119 verbis
1303 3064 1490 3121 scatentibus
1501 3078 1625 3138 quarum
1642 3063 1827 3138 eprcatloni
1841 3068 1893 3124 iu-

285 3157 469 3228 serviebant,
482 3158 526 3217 vel
542 3153 687 3224 άσυνδίτως
702 3159 748 3217 vel
761 3156 806 3215 καί
820 3157 940 3233 praefixo
953 3157 999 3215 uel
1018 3162 1148 3216 assumto
1166 3154 1286 3226 δηλονότι
1303 3158 1446 3233 alllgeret.
1488 3158 1565 3217 Hine
1594 3159 1751 3220 verborum
1762 3169 1894 3221 consuu-

288 3254 393 3315 cilonis
403 3258 515 3329 quauta
529 3252 615 3312 turba
627 3260 798 3329 quantaque
808 3253 939 3312 conlusio
954 3260 1057 3312 exorta
1070 3255 1123 3324 stt,
1132 3250 1217 3312 tuelle
1230 3251 1268 3311 ad
1281 3253 1494 3329 conJiciendum
1505 3261 1566 3324 est,
1579 3269 1672 3329 neque
1685 3256 1894 3316 sublruseimur

288 3349 430 3423 prioribus
456 3348 631 3426 editoribus,
654 3350 734 3423 quud
748 3365 839 3425 quum
852 3351 914 3408 vitii
937 3352 1079 3419 orialnem
1093 3365 1153 3407 non
1167 3351 1393 3424 perspexissent.
1408 3353 1440 3408 in
1462 3350 1532 3409 locis
1553 3352 1596 3408 ita
1609 3349 1725 3409 ioedatls
1739 3351 1775 3409 de
1787 3351 1892 3410 AElianl

287 3448 317 3504 ln
332 3444 504 3504 ordinandis
522 3447 616 3504 uerbis
629 3447 765 3516 arbitrio,
788 3446 825 3505 de
841 3446 1025 3520 simplicitate
1038 3461 1126 3520 quam
1139 3444 1334 3515 affectaverit,
1350 3445 1388 3504 de
1400 3448 1535 3505 acumine
1550 3445 1692 3521 denique,
1707 3447 1787 3522 quod
1801 3450 1830 3505 in
1846 3463 1894 3506 eu·

287 3543 355 3599 dem
369 3544 486 3600 notione
496 3545 661 3617 quesiuerit
674 3542 824 3615 iteranda,
841 3539 983 3601 mirabilia
997 3540 1131 3617 quadam
1144 3543 1338 3599 narraverint.
1380 3540 1437 3600 Sed
1449 3544 1513 3617 jam
1525 3543 1641 3601 inventi
1654 3543 1745 3600 nostrl
1757 3544 1894 3602 testimo-

287 3641 336 3698 nla
351 3638 485 3713 ponenda
499 3646 578 3697 sunt.

326 3735 447 3796 initium
462 3737 566 3796 teclam
581 3753 600 3796 a
613 3737 677 3796 loco
692 3743 791 3813 aperte
806 3753 861 3796 nos
875 3736 998 3796 docente
1022 3748 1158 3810 quaenam
1179 3735 1258 3791 inter
1271 3731 1381 3793 formas
1402 3735 1594 3809 geometricas
1610 3732 1710 3792 lectori
1721 3747 1808 3807 quem
1830 3731 1893 3790 dixi

291 3834 353 3889 uisa
367 3832 456 3891 luerit
471 3832 674 3909 pulcherrima.
716 3832 867 3908 Leguntur
883 3831 947 3913 NA,
961 3831 1000 3903 V,
1025 3840 1060 3891 tt
1074 3832 1157 3890 bare:
1175 3826 1341 3908 γεωμετρίαν
1355 3828 1383 3886 tt
1395 3826 1440 3887 καί
1463 3827 1551 3901 κάλλη
1570 3828 1717 3908 σχημάτων
1732 3827 1779 3885 καὶ
1793 3826 1893 3905 ὡραίας
1923 3878 1931 3889 ,

287 3924 397 3991 πλάσεις
413 3925 499 3983 αὐτῶν
515 3924 576 3984 ἄνευ
587 3925 681 4003 πάχνης
695 3948 722 3983 τε
737 3924 782 3983 καί
794 3925 910 3985 κανόνων
927 3925 973 3983 καί
987 3930 1032 3984 τοῦ
1046 3922 1208 4000 καλουμένου
1222 3923 1274 3983 ὑπὸ
1288 3927 1340 3983 τῶν
1355 3926 1440 4003 σοφῶν
1458 3921 1599 3995 διαόήτου,
1613 3923 1644 3980 τὸ
1658 3922 1796 3981 κάλλιστον
1815 3944 1888 4000 σχη-

288 4020 377 4095 μάτων
392 4020 421 4079 τὸ
438 4019 565 4098 ἑξάγωνόν
580 4043 607 4079 τε
623 4021 667 4079 καὶ
682 4020 837 4101 ίξάπλευρον
850 4020 896 4081 καλ
908 4019 1042 4100 ίσογῶνιον
1053 4018 1251 4078 ἀποδείκνυνται
1266 4020 1293 4076 αἱ
1308 4018 1438 4096 potuer.
1482 4021 1536 4080 Hlo
1550 4019 1724 4079 Schneidero
1734 4020 1771 4078 nd
1780 4023 1891 4095 justum

286 4123 506 4178 commissurum
520 4119 633 4194 nliqrrid
653 4120 752 4179 deesse
768 4120 939 4197 uidebatur3
963 4119 1119 4178 Jacobslus
1140 4118 1290 4176 AElianum
1313 4115 1343 4176 τὸ
1356 4115 1497 4175 κάλλιστον
1522 4115 1667 4194 σχημάτων
1692 4115 1813 4186 [saltem
1827 4117 1890 4173 τῶν

290 4214 436 4291 σχημάτων
451 4213 462 4292 ]
477 4213 508 4271 τὸ
522 4212 650 4292 ἑξάγωνον
665 4217 710 4274 rel
726 4213 859 4294 σχῆματὸ
871 4213 996 4291 ἑξάγωνον
1014 4215 1161 4289 scripsisse
1181 4213 1291 4288 ajebat.
1334 4213 1374 4271 tt
1387 4212 1453 4270 uide
1464 4227 1552 4287 quum
1567 4210 1640 4269 belle
1654 4200 1822 4287 glossatoris
1835 4213 1892 4268 ista

287 4327 375 4386 qnam
391 4310 453 4369 dixl
468 4312 642 4371 sententiola
655 4312 780 4388 vulgatis
794 4310 890 4370 uerbis
900 4306 1029 4368 exsecari
1041 4310 1145 4384 possit,
1159 4310 1185 4365 sl
1200 4306 1316 4365 AEliano
1328 4308 1440 4366 tribuas
1451 4303 1612 4384 γεωμετρίαν
1628 4304 1655 4361 rt
1671 4303 1812 4373 solstitia
1825 4325 1891 4382 σχη·

290 4405 382 4480 μάτων
403 4404 448 4463 καί
465 4404 563 4483 ὡραίας
583 4404 692 4470 πλάσεις
712 4404 797 4462 αὐτῶν
815 4402 877 4461 άνευ
890 4401 983 4481 τέχνης
995 4422 1024 4459 τε
1039 4399 1084 4459 καλ
1098 4399 1214 4460 κανόνων
1230 4399 1276 4458 καλ
1290 4406 1335 4460 τοῦ
1348 4399 1510 4477 καλουμένου
1528 4398 1579 4457 ὑπὸ
1594 4401 1645 4456 τῶν
1660 4402 1746 4478 σοφῶν
1759 4396 1886 4469 tratiaco

289 4497 490 4559 ἀποδείκνυνται
504 4502 531 4557 αῖ
546 4500 681 4576 μίλιτται,
698 4501 853 4578 glossatori
866 4498 897 4557 τὸ
911 4498 1049 4557 κάλλιστον
1065 4495 1211 4576 σχημάτων
1228 4495 1258 4555 τὸ
1274 4495 1401 4577 ίξάγωνόν
1415 4497 1500 4555 τεκαὶ
1514 4495 1674 4573 ίξάπλευρον
1689 4494 1733 4553 καὶ
1749 4494 1890 4572 ἰσογώνιον,

288 4610 353 4670 quae
367 4593 454 4652 uerba
468 4593 586 4654 obruad
603 4592 690 4664 κάλλη
708 4591 853 4672 σχημάτων
863 4594 1011 4670 adscripta
1024 4595 1116 4655 luisse
1127 4594 1310 4655 munllestum
1325 4602 1378 4655 est.
1420 4594 1519 4655 Simile
1529 4595 1674 4654 emblema
1696 4592 1889 4668 deprehendi·

287 4701 335 4752 tur
348 4690 405 4765 xl,
426 4699 478 4761 ιι,
494 4691 545 4751 ubl
564 4691 601 4750 de
613 4691 744 4767 delphini
767 4692 884 4750 solertia
900 4692 960 4751 baec
973 4700 1151 4752 narrantur:
1168 4691 1212 4749 iis
1227 4692 1255 4752 ii
1266 4714 1330 4750 ποτε
1346 4692 1416 4773 etp,
1436 4694 1459 4751 οἱ
1471 4689 1635 4770 χαριέστεροι
1650 4692 1701 4747 τῶν
1717 4687 1813 4747 ἁλιάων
1829 4688 1888 4747 ild·

288 4809 392 4868 αγαινον
411 4786 489 4845 αὐτοῦ
504 4786 644 4866 διείραντας
661 4789 712 4845 τῶν
728 4789 804 4868 ῥινῶν
821 4788 962 4868 ἐπαφῆκεν
976 4788 1064 4848 αὐτόν.
1106 4790 1128 4848 Γ
1129 4788 1248 4868 νώρισμα
1260 4793 1337 4847 τοῦτο
1351 4791 1374 4847 εί
1388 4787 1500 4864 ίμπίσοι
1514 4787 1565 4867 ἄρα
1578 4791 1623 4844 τοῦ
1635 4786 1680 4843 καὶ
1695 4783 1806 4864 πρόσθεν
1820 4784 1890 4843 ἇλῶ·

287 4887 331 4944 ναί
346 4907 374 4942 τε
389 4884 435 4944 καί
449 4887 580 4943 σεσῶσθαι
594 4884 673 4944 αὐτὸν
690 4883 839 4967 περιφίρει·
862 4887 876 4943 ό
892 4881 935 4950 δέ,
950 4874 993 4944 οἷα
1011 4884 1055 4945 τὸν
1070 4885 1179 4964 ίλεγγον
1194 4885 1363 4963 αἰδούμενος,
1377 4885 1464 4946 οὐκέτι
1479 4884 1621 4955 πλησιάζει
1634 4881 1736 4961 σαγήνῃ
1758 4880 1788 4939 τὸ
1802 4883 1889 4940 ἐντεῦ-

287 4989 339 5041 οιν.
382 4983 456 5045 uolo
482 4991 609 5059 repetere
623 4983 729 5060 qulbus
751 4985 892 5046 machinis
906 4983 1032 5044 editores
1049 4983 1128 5043 hune
1142 4985 1238 5043 locum
1254 4984 1438 5044 emendatum
1453 4987 1570 5043 iverint.
1612 4984 1687 5042 Nam
1709 4980 1890 5040 luceclarius

287 5089 347 5154 rel,
361 5082 560 5157 interpolatori
577 5081 672 5141 deberi
690 5078 829 5162 γνώρισμα
850 5087 927 5141 τοῦτο
944 5082 967 5138 εί
981 5078 1090 5156 tertiam
1105 5080 1157 5157 άρα
1174 5084 1219 5138 τοῦ
1241 5079 1286 5137 καὶ
1307 5080 1418 5159 πρόσθεν
1440 5078 1542 5137 ἁλῶναί
1555 5101 1583 5136 τι
1596 5077 1641 5135 καὶ
1668 5079 1798 5135 σεσῶσθαι
1811 5074 1888 5133 αὐτὸν

287 5178 432 5259 περιφέρει,
448 5179 564 5239 AEtluno
576 5186 675 5240 utilem
689 5181 749 5240 hoto
765 5181 829 5243 soto
842 5179 1030 5240 concedendo
1045 5195 1107 5238 osse
1124 5197 1131 5236 τ
1146 5177 1191 5235 ἐὰν
1209 5176 1237 5237 δι’
1252 5199 1316 5235 ποτε
1331 5176 1404 5256 ἁλῷ,
1422 5176 1446 5233 ot
1467 5172 1634 5255 χαριίστεροι
1647 5174 1698 5229 τῶν
1714 5170 1807 5229 ἁλιάων
1823 5169 1885 5228 tit-

288 5294 390 5353 queror
403 5275 482 5334 αὐτοῦ
495 5271 635 5351 διείραντας
648 5275 700 5332 τῶν
712 5275 789 5353 ῥινῶν
804 5276 943 5354 ίπαφῆκαν
958 5274 1033 5353 (sot.
1049 5276 1169 5353 ἀφῆκαν)
1182 5272 1276 5332 αὐτόν·
1292 5275 1307 5331 b
1323 5270 1368 5344 δι’,
1378 5261 1421 5332 οἶσι
1430 5272 1490 5331 κτλ.
1536 5270 1621 5332 Unde
1635 5271 1720 5329 simut
1732 5269 1805 5328 duos
1822 5267 1887 5326 bot·
