4102 6182
701 869 1121 987 PRAEFATIO.

773 1151 1057 1186 *ψ

145 1364 289 1427 Claudium
302 1364 434 1427 AEiianus
448 1367 671 1439 Praaestinusy
682 1370 738 1426 etsi
751 1366 870 1427 Gemens
884 1380 980 1426 sermo
994 1363 1025 1425 in
1042 1383 1077 1425 eo
1090 1380 1150 1426 non
1166 1370 1283 1427 nativus
1297 1373 1372 1442 erat,
1385 1364 1437 1427 sed
1451 1369 1578 1443 ascitus,
1594 1372 1622 1427 ιιι
1638 1369 1715 1431 Pau·

111 1466 194 1523 sante
205 1462 321 1522 scholis
335 1469 452 1523 tantum
464 1462 646 1540 profecerat,
658 1470 691 1523 ut
703 1464 742 1522 ob
755 1466 862 1538 scripta
875 1479 928 1522 sua
938 1461 1038 1522 Grmca
1051 1464 1089 1522 ab
1102 1464 1260 1539 equalibus
1274 1466 1334 1523 suis
1348 1467 1470 1524 summis
1484 1465 1621 1524 laudibus
1634 1466 1719 1526 effer·

113 1567 187 1619 retur
200 1559 340 1635 adeoque
360 1560 498 1635 sophistae
517 1562 635 1618 nomine
656 1559 867 1621 honestaretur.
909 1558 962 1616 His
985 1559 1114 1634 gloriola
1130 1560 1296 1636 insignibus
1318 1566 1397 1636 patet
1421 1576 1488 1619 eom
1508 1577 1568 1619 non
1591 1564 1720 1637 potuisse

112 1660 221 1733 amari,
236 1660 263 1715 st
279 1658 409 1734 cuiusvis
423 1659 535 1733 generis
549 1657 762 1726 anacoluthias‚
782 1659 993 1715 sententiarum
1004 1659 1172 1733 enigmata,
1185 1664 1317 1717 monstra
1332 1657 1487 1717 verborum
1500 1662 1529 1717 et
1542 1659 1719 1719 soloecismos

112 1757 155 1814 rel
166 1763 273 1830 sponte
291 1770 345 1814 sua
358 1755 403 1813 uel
423 1758 534 1815 invitus
542 1755 720 1825 admisisset,
735 1770 830 1829 neque
839 1754 976 1813 credibile
989 1760 1049 1830 est,
1058 1754 1111 1812 tali
1125 1756 1260 1829 scriptori
1273 1757 1352 1830 ipsos
1366 1754 1481 1815 timeus
1490 1794 1499 1833 ‚
1509 1761 1543 1816 ut
1559 1757 1719 1818 Philostra-

114 1860 189 1926 tum,
202 1868 264 1912 suas
281 1855 390 1929 lingna
408 1853 598 1912 subtilitatem
611 1852 844 1927 elegantiamque
856 1852 1038 1910 concessisse.
1079 1851 1224 1910 Preterea
1236 1854 1395 1926 permimm
1409 1852 1571 1931 accideret,
1583 1857 1607 1913 si
1624 1854 1720 1914 AElia-

114 1964 175 2017 nos,
184 1951 236 2023 qut
247 1951 346 2006 nimia
355 1948 484 2023 quadam
493 1964 546 2007 sua
557 1946 745 2006 inscribendo
754 1949 921 2006 morositate
932 1946 1094 2022 legentibus
1107 1952 1254 2020 stuporem
1265 1962 1382 2007 movere
1390 1947 1475 2020 solet,
1487 1951 1595 2025 quique
1604 1951 1719 2010 eosdem

115 2061 221 2119 semper
235 2046 325 2104 infiat
339 2044 424 2103 folles
436 2044 618 2120 eandemque
629 2043 729 2102 tundit
745 2042 879 2101 incudem
891 2058 929 2111 ,a
944 2046 1098 2118 semetipso
1108 2047 1149 2101 ita
1163 2041 1353 2115 descivisset,
1369 2049 1403 2103 ιιι
1416 2061 1582 2106 sermonem
1597 2052 1718 2115 tersum,

116 2160 304 2219 expressum,
318 2158 524 2218 numerosum,
538 2158 628 2217 quem
642 2148 688 2201 tot
701 2144 764 2217 ejus
780 2140 934 2199 historiola
951 2140 1115 2209 clamitant,
1131 2142 1239 2215 passim
1254 2148 1462 2203 commutasset
1476 2157 1543 2201 eum
1553 2145 1719 2219 inquinato,

116 2241 303 2316 indistincto,
318 2255 430 2315 aspero.
471 2237 510 2298 Et
523 2256 589 2314 quae
607 2239 728 2298 tandem
742 2244 817 2297 esset
837 2238 995 2313 illaquam
1014 2239 1097 2295 initio
1113 2237 1254 2297 libromm
1268 2239 1305 2297 de
1323 2239 1500 2299 hnimalium
1518 2239 1631 2299 Natura
1645 2241 1722 2300 dixit

117 2335 207 2409 ιιιήιη
220 2336 316 2407 libs,
334 2337 364 2395 h.
380 2353 406 2395 e.
420 2335 612 2395 elocutionem
628 2337 773 2410 propriam
791 2338 845 2410 ipsi
864 2351 898 2394 ac
916 2352 1016 2410 suam,
1033 2337 1089 2394 uisi
1105 2334 1204 2395 Graece
1219 2339 1392 2398 scribentem
1411 2354 1442 2398 se
1455 2341 1561 2415 quovis
1581 2344 1722 2415 temporis

117 2441 257 2495 momento
271 2451 369 2493 unum
383 2433 566 2509 eundemque
580 2449 643 2492 asse
658 2432 808 2491 sciuisset‘i
825 2430 918 2507 igitur
932 2432 978 2491 vel
994 2435 1204 2502 minutissima,
1224 2437 1255 2492 ni
1270 2434 1366 2504 fallor,
1386 2442 1520 2495 accurate
1534 2439 1674 2499 tractavit
1688 2456 1722 2500 ac

117 2535 138 2591 si
154 2532 224 2609 quid
239 2530 271 2590 in
289 2535 354 2607 ejus
365 2531 446 2589 libris
456 2536 558 2588 contra
575 2529 653 2605 leges
664 2528 792 2603 quassel
807 2529 867 2602 ipse
881 2528 936 2586 sibi
947 2529 1016 2587 tulit
1028 2529 1074 2587 vel
1085 2529 1163 2589 iilius
1176 2533 1270 2590 atatis
1281 2532 1415 2608 sophista
1427 2542 1606 2611 sanxerunt,
1623 2554 1723 2613 peeca-

117 2636 173 2687 tum
187 2637 245 2700 est,
261 2628 450 2686 librariorum
462 2626 518 2685 hoc
531 2642 594 2685 esse
607 2627 783 2685 censendum
796 2632 851 2696 est,
862 2643 920 2684 non
935 2629 1025 2701 ipsius
1036 2626 1155 2686 AEitanl.
1205 2628 1304 2688 Veluti
1319 2627 1501 2687 assistentia
1512 2633 1543 2688 iu
1556 2635 1723 2695 universum

118 2723 224 2783 AElmno
233 2721 442 2798 abjudicanda
454 2726 523 2779 sunt
529 2723 661 2797 ‚quippe
674 2737 799 2796 quarum
812 2737 899 2792 usus,
913 2722 937 2779 si
951 2724 1146 2782 nominativos
1157 2723 1307 2782 absolutos
1320 2732 1349 2783 ιι
1362 2723 1434 2784 iliud
1449 2736 1543 2800 genus
1557 2732 1720 2803 exceperis,

117 2823 189 2898 quod
200 2820 374 2896 parenthesi
384 2819 461 2878 trabi
473 2819 564 2896 solet,
576 2820 662 2877 tertio
672 2817 779 2879 saeculo
791 2833 907 2892 pmrsus
923 2819 1074 2878 exoluerit.

152 2918 284 2993 Scriptos
300 2917 389 2975 libms
402 2915 441 2975 ad
454 2930 579 2991 quorum
594 2914 682 2974 iidem
697 2914 844 2973 AEllanum
859 2918 1050 2992 corrigerem
1066 2915 1163 2991 plures
1181 2915 1285 2988 habui,
1307 2921 1350 2976 ets
1337 2919 1360 2975 l
1378 2933 1439 2975 uon
1453 2916 1543 2990 tales,
1556 2926 1591 2979 ιιι
1606 2920 1722 2982 duabus

118 3015 240 3073 tribusve
253 3013 321 3070 iilis
334 3012 465 3085 familiis,
477 3014 507 3070 ia
518 3026 593 3085 quas
607 3010 698 3069 libros
708 3009 744 3068 de
758 3009 938 3068 animalium
953 3010 1102 3071 Naturaet
1112 3010 1231 3071 Variam
1244 3014 1404 3073 Historiam
1414 3014 1562 3077 discedere
1573 3021 1721 3096 ιιονιιιιιιι,

119 3111 235 3186 ebanem
252 3109 409 3169 surculum
423 3108 580 3185 adjungere
591 3107 732 3181 licuisset,
743 3110 827 3182 cujus
839 3108 992 3182 peculiaris
1005 3125 1040 3167 ac
1053 3113 1169 3184 propria
1180 3112 1273 3170 virtus
1285 3117 1369 3171 essct.
1392 3109 1496 3189 ltaque
1508 3115 1540 3171 in
1551 3117 1722 3177 universum

119 3209 228 3284 quidem
240 3206 331 3264 nobis
344 3209 375 3265 in
388 3209 515 3280 priorum
531 3205 673 3263 editorum
687 3206 776 3278 copiis
792 3204 1033 3279 acquiescendum
1046 3204 1120 3281 fuit,
1135 3223 1188 3267 nec
1205 3215 1303 3267 ιιιιιιιι
1318 3208 1375 3268 iiia
1395 3211 1439 3268 ita
1454 3211 1604 3272 exhauste
1621 3224 1722 3294 erant,

120 3311 150 3364 ut
159 3305 196 3363 ad
206 3304 306 3364 solam
319 3306 516 3378 conjecturam
530 3301 759 3375 confugiendum
772 3297 883 3361 fuisset.
924 3303 999 3361 Nam
1011 3310 1043 3362 ιιι
1057 3303 1146 3364 libros
1159 3305 1196 3365 de
1209 3305 1389 3369 dalmatium
1401 3308 1512 3368 Natura
1523 3313 1632 3385 primos
1645 3330 1724 3374 com·

121 3418 285 3475 memorem,
299 3415 371 3458 usus
385 3398 503 3473 quidem
514 3404 557 3456 est
569 3397 731 3456 Friderlcus
741 3398 891 3458 Jacobsius
901 3397 1035 3459 Vaticani
1049 3402 1157 3461 codicis
1169 3403 1334 3474 collatione,
1349 3403 1401 3462 sed
1414 3420 1519 3469 manca
1529 3406 1592 3483 liin,
1603 3424 1658 3471 trec
1667 3414 1722 3471 nisi

121 3516 179 3557 sero
187 3500 224 3558 ad
235 3516 269 3558 se
281 3500 450 3557 meruissem
462 3496 530 3554 inde
544 3513 562 3555 a
577 3496 644 3554 iibri
657 3495 728 3554 viii
739 3499 832 3570 capite
848 3506 877 3555 ιι
891 3490 1005 3556 AEiiano
1017 3498 1155 3557 adhibere
1164 3501 1267 3574 potuit.
1308 3498 1390 3589 Idem
1401 3500 1553 3563 Jacohsiua
1564 3507 1638 3564 mira
1650 3522 1724 3583 qua·

122 3595 182 3652 dam
192 3593 316 3653 ltedicel
331 3608 377 3651 sur
370 3593 576 3651 admiratione
584 3597 687 3667 captus
699 3608 758 3650 non
764 3607 872 3679 paucas
881 3593 973 3653 bonus
982 3593 1116 3653 Vaticani
1128 3596 1279 3671 lectiones,
1293 3582 1358 3671 que
1371 3599 1424 3672 ipsi
1431 3600 1494 3674 jam
1509 3607 1613 3675 praesto
1623 3611 1722 3681 erant,

123 3692 181 3766 plns
191 3695 272 3767 justo
282 3689 425 3765 neglexit.
468 3688 535 3765 Ipse
545 3704 599 3764 ego
616 3689 792 3747 Vaticanum
811 3691 916 3750 iterum
930 3691 1041 3751 contuli
1052 3708 1089 3750 ex
1102 3708 1196 3767 eoque
1209 3692 1371 3769 nonnulla,
1390 3707 1455 3770 qua
1470 3702 1618 3769 personati
1634 3699 1724 3761 Bastli

123 3785 300 3860 diligentiam
311 3783 492 3859 effugerant,
505 3779 544 3841 ad
557 3798 627 3841 mear
637 3786 811 3843 recensionis
824 3786 1009 3845 commodum
1019 3793 1160 3849 conuerti.
1204 3790 1278 3848 Cum
1294 3789 1395 3848 eodem
1407 3790 1507 3849 codice
1519 3790 1639 3854 Variam
1651 3813 1724 3872 quo·

124 3881 350 3956 quelilstoriam
364 3881 533 3955 composui,
548 3877 626 3937 unde
640 3879 701 3937 uidi
715 3878 937 3955 Lugdunensem
953 3881 1178 3942 Perizonianum
1190 3882 1325 3941 Vaticani
1339 3882 1497 3958 gemellum
1516 3901 1588 3944 esse.

158 3979 298 4038 Preterea
312 3978 424 4036 contuli
438 3976 568 4035 codicem
583 3975 746 4035 Parisinum
761 3975 955 4054 Bibi.1mper.
971 3996 1002 4037 n.
1024 3988 1110 4038 issa.
1126 3979 1197 4039 See.
1217 3978 1300 4039 xiv.
1314 3977 1485 4039 Simillbnus
1501 3989 1546 4043 est
1558 3983 1725 4045 Siulslslano

125 4079 151 4131 et
163 4076 268 4149 pariter
281 4080 372 4148 atque
383 4072 432 4131 ilie
451 4070 567 4131 Variam
582 4071 741 4129 Historiam
754 4087 821 4130 eum
834 4072 989 4132 Heraclide
1000 4075 1143 4133 eontinet.

161 4170 283 4230 hosdem
296 4169 412 4230 libellos
421 4169 512 4229 habet
524 4169 779 4246 heidelbergensis
793 4187 824 4229 ιι.
843 4180 908 4232 ιιι.
925 4171 996 4231 Saea.
1011 4171 1094 4231 xiv.
1109 4170 1155 4229 Ex
1170 4169 1312 4229 Vaticano
1324 4170 1486 4247 descriptus
1497 4180 1552 4233 est.

160 4263 292 4340 Ιιιιιιιιιιι
302 4267 334 4322 in
349 4265 528 4324 recensenda
540 4264 631 4324 Varia
649 4266 776 4326 Historia
788 4265 895 4327 Stobai
909 4276 1045 4343 excerpta
1059 4264 1164 4338 ascivi,
1183 4269 1304 4342 turpiter
1318 4267 1413 4325 adhue
1426 4269 1568 4344 neglecta.
1612 4272 1669 4332 Sed
1689 4274 1726 4334 de

127 4363 167 4421 his
178 4363 253 4422 iufra
269 4361 444 4437 explicatius
456 4361 562 4421 dicam.
790 4444 792 4447 Υ

162 4461 301 4536 Epistulas
313 4454 422 4518 AEiiani
438 4459 477 4518 ad
490 4459 648 4518 editionem
667 4463 827 4537 principem
841 4465 934 4539 exegi.

165 4557 227 4614 hila
245 4556 377 4616 subsidia
396 4557 497 4614 crisim
515 4558 749 4631 circumspiciens
770 4558 861 4617 incidi
880 4561 911 4617 ln
934 4558 1306 4618 Medione-Laurentinum
1337 4568 1365 4616 a.
1395 4558 1475 4618 Plut.
1502 4558 1598 4623 xxii.
1614 4567 1676 4621 stuc
1696 4566 1726 4623 lu

129 4653 241 4714 ioannis
262 4656 437 4715 Damasceni
460 4671 543 4713 sacra
572 4654 729 4730 Paraliela,
748 4654 856 4729 quibus
877 4654 1090 4730 praeteriistis
1112 4655 1246 4712 Historia
1264 4654 1357 4712 frusta
1378 4670 1414 4713 ex
1441 4654 1549 4715 Stoboi
1571 4659 1725 4737 florilegio

130 4751 295 4825 transcripta
314 4764 373 4806 uon
395 4765 487 4823 panca
500 4749 646 4827 fragmina
664 4750 806 4808 librorum
819 4748 855 4807 de
870 4749 1053 4809 animalium
1067 4751 1179 4809 Natura
1198 4750 1329 4807 immista
1343 4756 1421 4808 sant.
1468 4750 1509 4808 Ea
1528 4759 1591 4810 ιιιιιι
1606 4756 1725 4830 quidem

135 4842 215 4919 lnam
230 4846 409 4906 Gaisiordins
424 4862 525 4905 eorum
544 4864 605 4905 non
624 4849 679 4907 nisi
693 4847 794 4906 titulos
809 4851 994 4922 cantaverat)
1009 4855 1038 4907 et
1052 4850 1115 4924 ipsa
1129 4848 1167 4905 ad
1183 4845 1329 4904 Stobaum
1343 4846 1450 4911 reterre
1466 4863 1524 4905 non
1542 4848 1724 4913 dubitabam.

133 4939 226 5017 itaque
236 4944 374 5003 ottonem
390 4943 529 5003 Jahniom
539 4988 548 5019 ,
558 4944 748 5021 professorem
758 4945 959 5019 Bonnensem,
970 4945 1046 5021 adii,
1056 4951 1090 5003 ut
1103 4943 1332 5019 fragmentorum
1341 4941 1460 5017 ‚illorum
1474 4944 1543 5004 mihi
1553 4953 1726 5021 potestatem

133 5036 218 5097 lacere
242 5041 339 5101 uellet
390 5042 449 5101 Nec
470 5042 565 5101 defuit
590 5045 699 5118 petenti
724 5046 769 5101 uir
790 5045 930 5113 eximius,
955 5060 1057 5102 verum
1085 5043 1290 5101 intercessione
1317 5057 1371 5099 sua
1395 5040 1507 5118 effecit,
1531 5051 1564 5101 ut
1590 5045 1727 5105 alfredus

133 5132 165 5191 de
173 5135 330 5206 beamont,
341 5137 387 5196 vir
405 5138 634 5215 illustrissimus,
650 5138 839 5198 Bomssorum
856 5142 931 5214 regis
942 5140 1019 5216 apud
1035 5137 1221 5198 Florentinos
1236 5138 1349 5215 legatus
1360 5182 1368 5213 ,
1381 5147 1516 5216 excerpta
1530 5140 1581 5199 iila
1595 5143 1624 5198 ln
1639 5157 1727 5206 usum

136 5244 223 5291 mmm
235 5231 420 5293 describenda
434 5241 558 5294 curaret.
601 5238 640 5294 At
653 5251 719 5294 vero
732 5250 783 5310 spe
796 5250 885 5309 quum
899 5235 935 5293 de
947 5238 981 5293 iis
992 5235 1164 5302 habueram,
1178 5236 1246 5309 ipsis
1259 5236 1406 5309 inspeetis,
1422 5238 1582 5294 miserrime
1596 5234 1728 5312 dejectos

302 5422 419 5464 AEtttittt.
1582 5432 1605 5470 fl
