4102 6182
751 616 967 678 PRAEFATlO.
1669 640 1701 682 xv

105 748 696 822 λισγνιαίωνἆτοσσίνειςκαλστιύδειςμε
714 750 786 820 φίλον
803 750 870 820 ίχιιν
916 768 1010 803 ιιοιιιιιι
1036 760 1062 802 ct
1084 749 1209 801 Marciani
1243 748 1341 821 primas
1369 749 1475 821 paginas
1501 751 1615 821 attigisse
1639 754 1702 807 satis

106 832 147 899 Ιιι
163 829 273 898 τοίπερ
287 823 344 881 οὖν
368 828 373 899 Ι
391 843 426 880 aa
442 844 448 880 t
465 828 516 881 bio
529 829 643 881 τοίνυν
659 828 664 899 Ι
679 828 710 880 25
727 845 733 880 :
748 830 871 899 γάρτοι
916 829 1010 892 habui;
1025 847 1109 899 neque
1126 829 1194 881 ultra
1208 828 1431 901 progrediendum
1444 829 1494 882 suit
1512 831 1539 883 in
1558 833 1701 885 lllonacon·

105 906 208 979 Ι3ιειίς
228 908 300 978 μέλος
321 906 505 961 bacchraicha
520 908 524 978 Ι
542 909 575 961 32
590 925 596 960 :
611 907 645 960 oh
663 907 791 978 χεῖρονΙ
810 910 842 963 38
862 924 868 961 :
916 907 988 959 sibus
1002 908 1130 977 39e191,
1149 924 1216 977 quos
1232 907 1382 960 Fridericus
1392 908 1522 974 Thomas,
1536 910 1577 961 vir
1591 909 1702 963 clarissi-

105 987 149 1039 aal
167 987 222 1057 γάρ
243 1004 292 1038 τοι
321 985 434 1048 κάκεῖνος
455 986 569 1057 ἐρωτικὸς
594 981 627 1039 eh
648 986 751 1057 pdltel
772 990 805 1050 44
822 1004 828 1039 :
846 986 870 1040 τί
917 1005 991 1050 mus,
1015 1006 1072 1040 mea
1095 1005 1172 1040 causa
1198 988 1318 1058 inspexit.
1356 988 1450 1042 Melius
1478 1007 1643 1061 speraveram
1666 991 1700 1043 dc

104 1067 144 1136 γάρ
155 1084 182 1136 pa
194 1065 329 1135 διαφθεῖραι
344 1064 456 1138 γλίχῃ,
472 1066 496 1118 τί
508 1065 534 1118 δὲ
546 1065 693 1126 occidere
709 1063 871 1136 ἀπολέσαιμι
916 1067 1035 1119 Vaticani
1058 1065 1229 1131 lectionibus,
1245 1085 1309 1137 quas
1326 1068 1360 1121 T.
1381 1070 1412 1121 F.
1432 1069 1557 1133 Thomas,
1572 1072 1699 1139 gymnasii

106 1148 185 1214 laps,
204 1140 345 1205 σδεινίίνς
363 1143 552 1214 πίφριιιαΙὸ
576 1161 582 1196 :
606 1144 771 1215 ίιφορῶμαι
793 1144 798 1215 Ι
822 1144 837 1196 5
863 1160 869 1196 :
916 1145 1079 1200 Suidniciani
1110 1145 1245 1216 quondam
1276 1156 1370 1207 rector,
1399 1147 1534 1217 apparatui
1561 1164 1610 1200 suo
1635 1150 1700 1200 Por·

103 1224 200 1284 δεινῶς
212 1222 368 1293 καρτερὸν
384 1222 389 1292 Ι
402 1225 418 1277 8
433 1239 440 1275 2
453 1224 483 1274 σὶι
494 1224 520 1276 δέ
536 1222 630 1293 μοικαί
643 1222 788 1293 αὐλητρίδας
801 1241 871 1292 προ·
916 1224 1045 1295 phyriano
1065 1225 1219 1278 inseruerat,
1267 1224 1318 1277 Sed
1340 1224 1448 1277 schedas
1472 1225 1526 1278 illas
1549 1225 1700 1278 Thomanas

103 1302 184 1362 σιίεις
198 1300 203 1370 Ι
215 1306 249 1354 ιδ
267 1318 274 1354 :
292 1302 449 1373 γεωργίαν
466 1301 519 1355 καὶ
538 1304 693 1373 γεωργεῖν
710 1301 756 1370 (cl.
772 1302 833 1354 VH.
846 1304 870 1365 1,
916 1303 1034 1356 Suidniei
1046 1314 1072 1356 et
1084 1302 1245 1355 thislaviae
1262 1301 1356 1356 frustra
1374 1303 1497 1373 quaesivi,
1511 1320 1596 1374 neque
1613 1322 1650 1357 ete
1671 1306 1698 1357 iu

103 1379 275 1451 κίφσντυιὴν
299 1381 340 1434 καί
362 1380 481 1451 ίφσίνειν)
509 1381 513 1451 Ι
536 1399 570 1449 ap
595 1397 601 1432 :
623 1381 702 1451 ἄκρα
726 1379 822 1432 αὐτὸν
844 1378 873 1441 ἐξ
917 1382 1073 1436 bibliotheca
1098 1383 1213 1435 Caesarea
1238 1383 1439 1435 vindobonensi
1468 1392 1644 1447 asservantur,
1673 1386 1701 1437 iu

103 1462 183 1529 ιἰιριις
195 1459 415 1530 ὅιαλιιμᾶάνει
429 1458 476 1524 (cl.
489 1461 548 1513 ΝΑ.
563 1461 638 1523 XIII,
656 1476 684 1512 11
701 1475 708 1511 ι
725 1459 783 1511 ὅταν
798 1457 872 1511 αὐτὸν
917 1480 997 1533 quam
1012 1462 1146 1516 translatas
1166 1462 1245 1514 luisse
1258 1463 1287 1515 C.
1303 1464 1335 1515 E.
1355 1464 1406 1516 Ch.
1426 1461 1600 1515 Selmeiderus
1620 1465 1704 1534 suspi-

101 1540 177 1609 δρόμος
197 1538 223 1592 ix
246 1541 343 1610 δρόμου
364 1539 482 1611 διαλάθῃ)
499 1540 509 1608 ΙΙ
534 1539 596 1608 493,
622 1542 637 1593 8
662 1555 668 1590 :
692 1537 792 1591 καὶτὰ
818 1538 872 1608 μὶν
917 1553 1066 1596 catuserat.
1104 1544 1196 1610 ltaque
1207 1540 1329 1594 codicum
1342 1560 1392 1612 ope
1402 1560 1455 1594 non
1470 1542 1519 1594 nisi
1534 1559 1593 1611 quae
1611 1541 1702 1594 Victo·

102 1624 193 1688 πρῶτα
208 1619 243 1689 Ιν.
258 1618 294 1671 ad
308 1637 335 1690 p.
350 1620 412 1688 295,
427 1623 474 1689 aa)
488 1617 619 1688 αἰδουμένη
633 1624 734 1688 κορινιῶς
746 1613 778 1671 εὖ
791 1618 873 1689 μάλα
916 1622 971 1673 rius
983 1622 1010 1673 in
1022 1618 1201 1672 describendis
1212 1618 1431 1689 conserendisque
1442 1621 1496 1671 suis
1509 1618 1583 1671 libris
1594 1621 1703 1671 commi·

104 1702 147 1765 Ιιο
164 1713 170 1748 :
185 1696 347 1768 ιίτερῤάγη
371 1698 376 1769 Ι
402 1714 431 1750 ιι
454 1696 511 1750 :ot
530 1695 588 1767 μὴν
603 1694 635 1756 εἰς
648 1697 676 1749 τί)
690 1696 805 1758 παντελές
826 1716 873 1766 μου
916 1701 990 1752 sisset
1012 1697 1166 1768 corrigenda
1186 1698 1329 1751 restabant.
1372 1699 1426 1751 Nec
1448 1708 1535 1751 tamen
1555 1697 1599 1749 bic
1622 1716 1701 1769 opera

102 1776 312 1847 καταφρονήσουσιν
335 1779 438 1846 ὥσπερ
460 1771 514 1828 οὗν
537 1775 684 1845 πλινθίνουΙ
707 1793 741 1828 ao
763 1794 769 1828 :
792 1777 873 1847 μήτηρ
918 1790 1008 1833 nostra
1026 1778 1152 1832 substitit.
1188 1780 1248 1831 Non
1262 1796 1345 1849 pauca
1358 1780 1429 1830 enim
1442 1776 1535 1830 menda
1548 1778 1702 1830 auctoritate

102 1858 153 1926 ἅμα
165 1856 215 1909 καί
227 1856 319 1928 τροφὸς
332 1858 337 1927 Ι
351 1857 405 1910 ad:
425 1855 458 1928 μὴ
473 1857 576 1909 τοίνυν
592 1856 596 1926 Ι
610 1856 643 1907 ai
658 1872 665 1906 t
679 1861 774 1926 σιγῶσα
793 1855 819 1909 δὲ
838 1850 872 1908 εὗ
917 1860 1023 1912 Eusebii
1044 1857 1211 1919 sustulimus,
1233 1856 1308 1927 cujus
1333 1857 1517 1928 Praeparationi
1542 1855 1703 1926 Evangelicae

102 1933 180 2005 pila·
917 1938 1090 2008 Porphyriani
1106 1938 1192 2008 operis
1203 1935 1327 2007 permulti
1340 1936 1420 2006 pauni
1435 1935 1527 1988 intexti
1540 1944 1612 1987 sunt.

130 2012 180 2065 lion
193 2013 312 2067 reticebo
325 2012 463 2084 particulas
476 2012 603 2083 quasdam
620 2015 647 2066 iu
666 2014 759 2065 ceteris
778 2012 873 2065 AEliani
954 2012 995 2068 hd
1017 2015 1132 2068 libellum
1155 2014 1188 2066 de
1208 2018 1292 2067 Auro
1312 2014 1495 2084 Nympharum
1515 2012 1702 2084 expoliendum

101 2092 207 2160 operibns
219 2091 253 2145 ad
268 2091 380 2144 taedium
396 2108 477 2160 usque
490 2101 606 2144 recoctas
625 2089 767 2143 desiderari
783 2092 810 2144 in
833 2091 873 2144 his
918 2093 994 2146 bonae
1008 2104 1076 2145 uotae
1093 2092 1211 2147 codicem
1224 2092 1388 2144 Marcianum
1407 2107 1457 2144 211
1479 2090 1606 2154 adhibui,
1626 2090 1702 2160 cujus

101 2170 212 2239 epistolis,
233 2172 402 2240 omninoque
419 2172 446 2222 in
465 2171 496 2222 iis
518 2168 643 2223 lonnulas
661 2170 788 2224 AElianeas
808 2188 874 2241 pau·
918 2191 995 2225 usum
1010 2172 1074 2224 mihi
1087 2172 1215 2224 concessit
1228 2170 1409 2235 valentinelli,
1424 2170 1487 2225 bibl.
1501 2172 1643 2224 Marcianas
1657 2170 1703 2222 hu·

102 2250 171 2302 dotet
190 2268 305 2303 numero
329 2249 454 2320 reperiri,
469 2267 546 2319 quam
559 2266 618 2320 quae
631 2251 658 2301 iu
678 2249 751 2301 libris
765 2249 798 2302 de
814 2248 872 2304 Na.
903 2245 1084 2303 'suauissimus
1097 2249 1243 2322 praelectus.
1258 2247 1389 2302 Nonnulla
1400 2248 1436 2301 ob
1447 2249 1565 2302 chartam
1579 2248 1702 2303 detritam

103 2327 168 2379 vello
181 2327 335 2397 fragmentis
352 2326 446 2380 eodem
464 2329 618 2398 paginarum
634 2328 735 2380 ambitu
754 2345 873 2398 compre·
919 2326 966 2397 legi
979 2337 1172 2398 nonpoteranl.

102 2406 241 2460 hardentur.
280 2409 340 2460 Nec
355 2418 442 2460 tamen
466 2406 527 2462 ideo
551 2407 707 2477 opusculum
728 2407 792 2460 illud
809 2406 874 2459 indi·
953 2407 1070 2461 Philonis
1084 2408 1200 2477 Byzantii
1213 2404 1329 2458 libellum
1345 2403 1379 2457 da
1391 2414 1490 2475 septem
1504 2404 1584 2457 Orbis
1603 2414 1703 2475 specta-

102 2503 168 2551 guum
186 2487 290 2540 aliano
315 2498 363 2539 est.
393 2487 505 2541 Abunde
530 2488 600 2540 enim
615 2497 721 2558 apparet
741 2487 873 2542 AElianum
918 2487 983 2539 culis
998 2487 1071 2555 exegi
1092 2485 1124 2539 ad
1139 2485 1272 2547 codicem,
1294 2485 1340 2554 qui
1363 2484 1433 2536 solus
1448 2501 1509 2536 eum
1530 2483 1563 2536 ad
1585 2496 1702 2536 nostram

34 2584 35 2597 ι
101 2563 204 2633 rp'atolas
214 2564 429 2620 conscribentem
439 2565 559 2618 noudum
573 2564 606 2618 ad
621 2583 753 2618 summum
769 2564 874 2619 allecta·
918 2566 1035 2635 pervexit
1049 2565 1217 2627 memoriam,
1231 2562 1443 2617 Palatinumsive
1457 2561 1702 2633 Heidelbergenscm
1788 2609 1796 2621 ,

103 2643 166 2694 thais
186 2641 321 2713 fastigium
340 2655 460 2697 evectum
480 2643 572 2709 luisse;
594 2645 676 2697 immo
690 2643 814 2713 juvenem
832 2663 874 2696 cas
920 2642 981 2712 398.
998 2644 1076 2695 Hunc
1087 2641 1177 2696 denuo
1191 2642 1301 2695 contuli.

102 2724 259 2793 composuisse
268 2724 508 2793 progymnasmatis
518 2724 599 2775 instar
607 2722 751 2775 scholastici
765 2741 812 2774 nec
825 2722 873 2774 nisi
954 2724 1042 2774 Restat
1064 2735 1094 2774 ut
1112 2721 1208 2774 addam
1237 2739 1374 2774 recensum
1402 2719 1527 2789 siglomm
1553 2720 1650 2792 quibus
1675 2722 1702 2773 in

102 2802 162 2853 initia
173 2802 373 2857 mcozeliaesuae
390 2802 422 2854 iis
435 2800 579 2854 admiscere
592 2803 716 2872 potuisse.
917 2799 1086 2854 adnotatione
1107 2801 1197 2854 critica
1219 2819 1283 2853 usus
1303 2818 1372 2853 sum.
1417 2803 1506 2870 ltaque
1529 2806 1552 2854 G
1575 2799 1704 2869 significat

128 2879 172 2932 Sed
180 2879 234 2949 jam
245 2879 448 2952 properandum
466 2879 499 2933 ad
511 2880 684 2952 Porphyrium
698 2889 724 2931 et
740 2878 873 2930 Philonem
918 2881 1079 2943 Gesnerum,
1096 2884 1114 2930 S
1125 2879 1328 2941 Schneiderum,
1342 2882 1361 2930 Ι
1371 2878 1537 2942 Jnmhsium,
1553 2881 1581 2929 V
1596 2878 1703 2931 Vatica-

104 2958 251 3024 butema
292 2961 379 3028 Atque
395 2961 423 3012 in
443 2958 516 3011 libris
529 2958 638 3029 quidem
657 2957 690 3010 de
708 2955 874 3013 Alutinentia
919 2976 983 3011 num
1009 2958 1137 3022 Jacobsii,
1166 2961 1232 3012 Vnt.
1255 2957 1436 3029 supplementa
1469 2975 1527 3009 mea
1555 2955 1701 3009 collationis

102 3035 255 3090 umrdaudis
264 3038 317 3091 etsi
327 3039 522 3108 augtrstissimos
536 3038 632 3108 quibus
648 3036 788 3089 ilhoeriaua
801 3037 874 3087 crisis
919 3036 1159 3098 Pseudobastianae‚
1172 3037 1382 3107 LLipsiensem,
1396 3039 1426 3088 H
1437 3037 1620 3088 Monacensem
1637 3039 1700 3098 461,

103 3118 253 3171 semotinuit
263 3118 334 3170 lines
340 3117 511 3188 protulimus,
524 3127 611 3169 tamen
622 3134 670 3168 nec
678 3116 741 3185 ipsis
751 3114 874 3167 latissime
917 3120 946 3171 M
961 3118 1124 3170 Marcianum
1138 3134 1199 3180 ιιι,
1216 3120 1239 3168 P
1251 3117 1397 3170 Palatinum
1413 3116 1474 3186 398.
1497 3118 1563 3169 Meae
1574 3115 1698 3169 editionis

102 3197 220 3266 manuari
230 3196 319 3250 licuit.
357 3197 423 3249 Nam
439 3214 470 3248 ex
483 3195 582 3249 Rhoerii
597 3194 732 3248 codicibus
743 3204 769 3246 et
779 3195 874 3247 nostris
918 3196 1065 3250 dissensum
1083 3216 1100 3250 a
1118 3196 1286 3259 lacnbsiana,
1300 3198 1443 3259 l'oraiana,
1456 3196 1598 3250 Goensiana
1611 3196 1645 3247 ita
1659 3196 1699 3247 in·

103 3290 180 3343 tarum
199 3275 322 3328 utilitatis
342 3274 376 3327 ad
398 3273 576 3346 Porphyrium
597 3272 768 3336 redundavit,
783 3285 814 3326 ut
827 3274 874 3343 qui
917 3276 1018 3339 dicavi,
1034 3286 1065 3330 ut
1077 3277 1172 3330 harum
1195 3275 1319 3328 lectiones
1341 3294 1355 3328 a
1375 3275 1466 3327 dextra
1482 3293 1552 3327 unco
1571 3292 1701 3343 cogerem.

102 3352 190 3406 codices
200 3353 234 3407 ad
248 3372 338 3407 unum
356 3371 448 3406 omnes
465 3371 497 3405 ex
510 3352 603 3406 eodem
617 3351 662 3405 illo
675 3353 874 3423 corruptissimo
918 3359 984 3423 Quae
1002 3356 1090 3408 invitis
1104 3355 1240 3407 codicibus
1263 3356 1359 3406 inserta
1381 3364 1458 3417 sunt,
1473 3351 1612 3425 duplicatis
1628 3354 1704 3405 uncis

102 3434 184 3484 alsatis
194 3435 293 3486 recenti
306 3432 589 3503 archetypoilurerint,
597 3431 630 3484 ad
638 3430 710 3502 quod
718 3442 744 3484 et
752 3432 874 3502 princeps
918 3428 958 3511 Ι]
970 3453 985 3487 a
996 3436 1088 3486 ceteris
1097 3434 1182 3486 verbis
1193 3434 1323 3501 segregavi
1331 3453 1339 3496 ς
1348 3431 1527 3503 simplicibus[
1542 3434 1550 3502 Ι
1561 3431 1704 3500 significavi

102 3507 170 3562 editio
187 3511 265 3566 redit.
307 3513 360 3565 Pro
374 3528 429 3564 uno
443 3511 524 3579 igitur
542 3510 634 3563 codice
647 3508 793 3562 aestimandi
811 3519 873 3562 sunt
917 3513 1081 3567 emblemata.
1096 3516 1169 3567 Meas
1182 3511 1377 3566 emendationes
1389 3513 1484 3582 passim
1497 3513 1643 3565 asterisco·
1659 3530 1705 3564 no·

105 3586 244 3653 Πθηῦίίιιὶ,
259 3607 331 3661 quos
345 3590 585 3643 PelrUSViclorius
598 3588 731 3648 tractavit,
754 3586 873 3640 Bodleia·
918 3594 979 3645 tavi.
1018 3594 1156 3656 Ceterum,
1174 3593 1194 3643 si
1217 3592 1389 3644 minutissima
1410 3590 1532 3661 quaedam
1553 3593 1701 3661 exceperis,
1742 3623 1745 3630 ·

104 3669 392 3730 atas,hlcermauianus,
403 3667 545 3738 Lipsiensis
554 3677 581 3718 et
593 3666 690 3736 quibus
702 3666 756 3735 ipse
772 3667 873 3735 primus
917 3679 1036 3721 accurate
1049 3668 1161 3721 iudicavi
1176 3669 1221 3720 ubi
1235 3669 1357 3721 codicum
1377 3670 1518 3722 auctoritas
1530 3688 1545 3722 a
1555 3688 1597 3722 me
1615 3669 1706 3722 aliisve

104 3759 222 3798 ascusam
233 3746 348 3799 Parisiui
363 3746 455 3813 (2083,
469 3748 560 3814 2081),
570 3746 742 3797 Monacences
756 3746 813 3813 (39,
827 3762 871 3813 91,
917 3749 1063 3803 editoribus
1076 3760 1161 3819 spreta
1175 3748 1232 3802 fult,

105 3822 402 3892 thryhlarciauusaoa.
439 3825 542 3876 Horum
556 3840 605 3890 ego
617 3832 685 3875 totos
701 3824 801 3874 excussi
817 3824 873 3873 hlo-
952 3828 1499 3897 scribuudolsmdjicalpuga,1857,

105 3916 224 3955 sectricem
234 3907 284 3966 461
299 3912 328 3954 et
338 3903 500 3973 Lipsiensem
510 3941 517 3963 ,
528 3899 604 3971 cujus
613 3899 735 3952 lectiones
745 3918 759 3951 a
769 3898 873 3951 Reislrio

107 3980 179 4032 uitus
195 3991 317 4036 accurate
335 3991 471 4054 excerptas
485 3980 607 4035 Rhoerius
622 3978 747 4031 habuerat
780 3978 872 4033 Parisi-
1092 3974 1094 3978 ⁴
1307 3980 1473 4029 Ituuoceuus
1493 3977 1666 4028 llEllCllEll.
